% Encoding: UTF-8

@inproceedings{vorontsov_co/survey-artm,
    author = {Воронцов К.В.},
    title = {Вероятностное тематическое моделирование:
                теория, модели и проект BigARTM},
    year = 2020,
}

@inproceedings{vorontsov_co/non-bayesian-armt,
  title =	"Non-Bayesian Additive Regularization for Multimodal
		 Topic Modeling of Large Collections",
  author =	"Konstantin Vorontsov and Oleksandr Frei and Murat
		 Apishev and Peter Romov and Marina Suvorova and
		 Anastasia Yanina",
  bibdate =	"2018-11-28",
  bibsource =	"DBLP,
		 http://dblp.uni-trier.de/https://dl.acm.org/citation.cfm?id=2809943;
		 DBLP,
		 http://dblp.uni-trier.de/db/conf/cikm/tm2015.html#VorontsovFARSY15",
  booktitle =	"Proceedings of the 2015 Workshop on Topic Models:
		 Post-Processing and Applications, TM 2015, Melbourne,
		 Australia, October 19, 2015",
  publisher =	"ACM",
  year = 	"2015",
  booktitle =	"TM@CIKM",
  editor =	"Nikolaos Aletras and Jey Han Lau and Timothy Baldwin
		 and Mark Stevenson",
  ISBN = 	"978-1-4503-3784-7",
  pages =	"29--37",
}

@article{journals/corr/abs-1711-04154,
  title =	"Interpretable probabilistic embeddings: bridging the
		 gap between topic models and neural networks",
  author =	"Anna Potapenko and Artem Popov and Konstantin
		 Vorontsov",
  journal =	"CoRR",
  year = 	"2017",
  volume =	"abs/1711.04154",
  bibdate =	"2018-08-13",
  bibsource =	"DBLP,
		 http://dblp.uni-trier.de/db/journals/corr/corr1711.html#abs-1711-04154",
  URL =  	"http://arxiv.org/abs/1711.04154",
}

@inproceedings{vorontsov_co/topic-selection-artm,
    author = "Vorontsov, K. and Potapenko, A. and Alexander, P.",
    title = {Additive Regularization of Topic Models for
                Topic Selection and Sparse Factorization},
    year = 2015,
}

@inproceedings{conf/micai/ApishevKKNV16,
  title =	"Additive Regularization for Topic Modeling in
		 Sociological Studies of User-Generated Texts",
  author =	"Murat Apishev and Sergei Koltcov and Olessia Koltsova
		 and Sergey I. Nikolenko and Konstantin Vorontsov",
  publisher =	"Springer",
  year = 	"2016",
  volume =	"10061",
  bibdate =	"2017-08-11",
  bibsource =	"DBLP,
		 http://dblp.uni-trier.de/https://doi.org/10.1007/978-3-319-62434-1_14;
		 DBLP,
		 http://dblp.uni-trier.de/db/conf/micai/micai2016-1.html#ApishevKKNV16",
  booktitle =	"MICAI (1)",
  crossref =	"conf/micai/2016-1",
  editor =	"Grigori Sidorov and Oscar Herrera-Alc{\'a}ntara",
  ISBN = 	"978-3-319-62433-4; 978-3-319-62434-1",
  pages =	"169--184",
  series =	"Lecture Notes in Computer Science",
}

@inproceedings{conf/slds/VorontsovPP15,
  title =	"Additive Regularization of Topic Models for Topic
		 Selection and Sparse Factorization",
  author =	"Konstantin Vorontsov and Anna Potapenko and Alexander
		 Plavin",
  bibdate =	"2017-06-15",
  bibsource =	"DBLP,
		 http://dblp.uni-trier.de/https://doi.org/10.1007/978-3-319-17091-6_14;
		 DBLP,
		 http://dblp.uni-trier.de/db/conf/slds/slds2015.html#VorontsovPP15",
  booktitle =	"Statistical Learning and Data Sciences - Third
		 International Symposium, SLDS 2015, Egham, UK, April
		 20-23, 2015, Proceedings",
  publisher =	"Springer",
  year = 	"2015",
  volume =	"9047",
  booktitle =	"SLDS",
  editor =	"Alexander Gammerman and Vladimir Vovk and Harris
		 Papadopoulos",
  ISBN = 	"978-3-319-17090-9",
  pages =	"193--202",
  series =	"Lecture Notes in Computer Science",
}

@inproceedings{yanina/multiobjective-topic-modeling,
author = {Ianina, Anastasia and Golitsyn, Lev and Vorontsov, Konstantin},
year = {2018},
month = {01},
pages = {181-193},
title = {Multi-objective Topic Modeling for Exploratory Search in Tech News},
isbn = {978-3-319-71745-6},
doi = {10.1007/978-3-319-71746-3_16}
}

@inproceedings{conf/aist/VorontsovP14,
  title =	"Tutorial on Probabilistic Topic Modeling: Additive
		 Regularization for Stochastic Matrix Factorization",
  author =	"Konstantin Vorontsov and Anna Potapenko",
  bibdate =	"2017-06-15",
  bibsource =	"DBLP,
		 http://dblp.uni-trier.de/https://doi.org/10.1007/978-3-319-12580-0_3;
		 DBLP,
		 http://dblp.uni-trier.de/db/conf/aist/aist2014.html#VorontsovP14",
  booktitle =	"Analysis of Images, Social Networks and Texts - Third
		 International Conference, AIST 2014, Yekaterinburg,
		 Russia, April 10-12, 2014, Revised Selected Papers",
  publisher =	"Springer",
  year = 	"2014",
  volume =	"436",
  booktitle =	"AIST",
  editor =	"Dmitry I. Ignatov and Mikhail Yu. Khachay and
		 Alexander Panchenko and Natalia Konstantinova and
		 Rostislav Yavorskiy",
  ISBN = 	"978-3-319-12579-4",
  pages =	"29--46",
  series =	"Communications in Computer and Information Science",
}

@Misc{WikiPedia,
  key =  	"WikiPedia",
  keywords =	"wiki",
  note = 	"http://www.wikipedia.org",
  title =	"{WikiPedia}, a web-based, free-content encyclopedia",
  URL =  	"http://www.wikipedia.org",
}

@inproceedings{conf/ecir/PotapenkoV13,
  title =	"Robust PLSA Performs Better Than LDA",
  author =	"Anna Potapenko and Konstantin Vorontsov",
  bibdate =	"2017-06-15",
  bibsource =	"DBLP,
		 http://dblp.uni-trier.de/https://doi.org/10.1007/978-3-642-36973-5_84;
		 DBLP,
		 http://dblp.uni-trier.de/db/conf/ecir/ecir2013.html#PotapenkoV13",
  booktitle =	"Advances in Information Retrieval - 35th European
		 Conference on IR Research, ECIR 2013, Moscow, Russia,
		 March 24-27, 2013. Proceedings",
  publisher =	"Springer",
  year = 	"2013",
  volume =	"7814",
  booktitle =	"ECIR",
  editor =	"Pavel Serdyukov and Pavel Braslavski and Sergei O.
		 Kuznetsov and Jaap Kamps and Stefan M. R{\"u}ger and
		 Eugene Agichtein and Ilya Segalovich and Emine Yilmaz",
  ISBN = 	"978-3-642-36972-8",
  pages =	"784--787",
  series =	"Lecture Notes in Computer Science",
}

@Comment{jabref-meta: databaseType:bibtex;}
